<record><leader>00000cas a2200000 a 4500</leader><controlfield tag="001">11208116</controlfield><controlfield tag="008">840928d18831884ksuwr ne      0   a0eng d</controlfield><datafield ind1=" " ind2=" " tag="010"><subfield code="a">sn 84029329 </subfield></datafield><datafield ind1=" " ind2=" " tag="040"><subfield code="a">KSH</subfield><subfield code="b">eng</subfield><subfield code="c">KSH</subfield><subfield code="d">NPT</subfield><subfield code="d">OCL</subfield><subfield code="d">OCLCQ</subfield></datafield><datafield ind1=" " ind2=" " tag="042"><subfield code="a">msc</subfield></datafield><datafield ind1="0" ind2="4" tag="245"><subfield code="a">The Grenola chief.</subfield></datafield><datafield ind1=" " ind2=" " tag="260"><subfield code="a">Grenola, Kan. :</subfield><subfield code="b">R.E. Hicks</subfield></datafield><datafield ind1=" " ind2=" " tag="300"><subfield code="a">v. ;</subfield><subfield code="c">50 cm.</subfield></datafield><datafield ind1=" " ind2=" " tag="310"><subfield code="a">Weekly</subfield></datafield><datafield ind1="1" ind2=" " tag="362"><subfield code="a">Began in 1883? Ceased with Oct. 24, 1884 issue?</subfield></datafield><datafield ind1=" " ind2=" " tag="588"><subfield code="a">Description based on: Vol. 4, no. 21 (July 6, 1883).</subfield></datafield><datafield ind1=" " ind2=" " tag="752"><subfield code="a">United States</subfield><subfield code="b">Kansas</subfield><subfield code="c">Elk</subfield><subfield code="d">Grenola.</subfield></datafield><datafield ind1="0" ind2="0" tag="780"><subfield code="t">Cana Valley herald</subfield><subfield code="w">(DLC)sn 84029325</subfield></datafield><datafield ind1="0" ind2="0" tag="785"><subfield code="t">Grenola hornet</subfield><subfield code="w">(DLC)sn 84029324</subfield></datafield></record>